@Article{ bib:kozirev:2008,
	title = "Методы и приложения ультраметрического и p-адического анализа: от теории всплесков до биофизики",
	author = "Козырев, С. В.",
	publisher = "",
	pages = "3–168",
	volume = "12",
	year = "2008",
	language = "russian",
	journal = "Совр. пробл. матем."
}

@Book { bib:analysis:alain,
	author = "Alain, M.R.",
	title = "A Course in p-adic Analysis",
	publisher = "Springer-Verlag New York",
	address = "",
	year = "2000",
	numpages = "438",
	language = "english",
	ibsn = "978-1-4757-3254-2"
}

@Book { bib:analysis:gouvea,
	author = "Gouvea, F.Q. ",
	title = "p-adic Numbers: An Introduction",
	publisher = "Springer",
	address = "",
	year = "2011",
	numpages = "306",
	language = "english",
	ibsn = "978-3540629115"
}

@Book { bib:analysis:vladimirov,
	author = "Владимиров, В.C. and Волович И.В. and Зеленов Е.И.",
	title = "p-Адический анализ и математическая физика",
	publisher = "М.:Физматлит",
	address = "",
	year = "1994",
	numpages = "352",
	language = "russian",
	ibsn = ""
}

@Misc { bib:analysis:anashin,
	author = "Анашин, В.С.",
	title = "Введение в прикладной p-адический анализ",
	language = "russian"
}

@Book { bib:analysis:anashin:en,
	author = "Anashin, V.",
	title = "The p-adic ergodic theory and applications",
	year = "2014",
	publisher = "Moscow",
	numpages = "221",
	language = "english",
}

@Misc { bib:analysis:ciocan,
	author = "Ciocan, N.",
	title = "P-adic Functions - Part 1",
	year = "2011",
	numpages = "11",
	language = "english",
}

@Book { bib:analysis:baker,
	author = "Baker, A.",
	title = "An Introduction to p-adic Numbers and p-adic Analysis",
	year = "2017",
	publisher = "University of Glasgow",
	numpages = "64",
	language = "english",
}

@Book { bib:analysis:volovich,
	author = "Волович И.В. and Козырев С.В.",
	title = "p–Адическая математическая физика: основные конструкции, применения к сложным и наноскопическим системам",
	publisher = "Самара",
	year = "2009",
	numpages = "30",
	language = "russian"
}

@Misc { bib:crypto:anashin,
	author = "Анашин, В.С",
	title = "Методы неархимедовой алгебраической динамики в криптографии",
	medium = {Электронный ресурс},
	url = "https://istina.msu.ru/media/courses/course/f66/226/7102110/SYMB_COMPUT.PDF",
	urldate = "03.04.2019",
	language = "russian"
}

@Book { bib:automata:aleshin,
	author = "Кудрявцев В.Б. and Алешин С.В. and Подколзин А.С.",
	title = "Введение в теорию автоматов",
	publisher = "М.: Наука",
	address = "",
	year = "1985",
	numpages = "320",
	language = "russian"
}

@Book { bib:automata:elements,
	author = "Кудрявцев В.Б. and Алешин С.В. and Подколзин А.С.",
	title = "Элементы теории автоматов",
	publisher = "М.: Изд-во МГУ",
	address = "",
	year = "1978",
	numpages = "2016",
	language = "russian"
}

@Article { bib:automata:lunz,
	author = "Лунц, А.Г.",
	title = "p-адический аппарат в теории конечных автоматов",
	publisher = "",
	pages = "17-30",
	volume = "14",
	year = "1965",
	language = "russian",
	journal = "Пробл. кибернетики"
}

@Misc{ bib:automata:tyapaev:2017,
	author = "Tyapaev, L. B.",
	medium = {Электронный ресурс},
	title = "Automata as $p$-adic Dynamical Systems",
	year = "2017",
	urldate = "06.04.2019",
	eprint = "arXiv:1709.02644",
	language = "english"
}

@Article { bib:automata:klapper,
	author = "Klapper, A.",
	title = "Feedback shift registers, 2-adic Span, and combiners with memory",
	publisher = "",
	pages = "111-147",
	volume = "10(2)",
	year = "1997",
	language = "english",
	journal = "Journal of Cryptology"
}

@Incollection { bib:automata:tyapaev:2018,
	author = "Tyapaev, L. B.",
	booktitle = "Компьютерные науки и информационные технологии",
	title = "Non-Archimedean dynamics of the complex shift",
	publisher = "Издательский центр «Наука»",
	pages = "406-412",
	year = "2018",
	language = "english"
}

@Book { bib:analisys:anashin,
	author = "Anashin V. and Khrennikov A.",
	title = "Applied Algebraic Dynamics",
	publisher = "W. de Gruyter",
	address = "Berlin",
	year = "2009",
	numpages = "533",
	language = "english"
}

@Article{ bib:dynamics:anashin,
	title = "Automata finiteness criterion in terms of van der Put series of automata functions",
	author = "Anashin V.",
	publisher = "",
	pages = "151-160",
	volume = "4:2",
	year = "2012",
	language = "english",
	journal = "p-Adic Numbers, Ultrametric Analysis and Applications"
}

@Phdthesis { bib:automata:phd,
	title = "Unconventional Finite Automata and Algorithms",
	author = "Kaspars Balodis",
	school = "University of Latvia",
	year = "2016",
	language = "english",
	publisher = "Riga"
}
