@Article{ bib:kozirev:2008,
	title = "Методы и приложения ультраметрического и p-адического анализа: от теории всплесков до биофизики",
	author = "Козырев, С. В.",
	publisher = "",
	pages = "3–168",
	volume = "12",
	year = "2008",
	language = "russian",
	journal = "Совр. пробл. матем."
}

@Book { bib:analysis:alain,
	author = "Alain, M.R.",
	title = "A Course in p-adic Analysis",
	publisher = "Springer-Verlag New York",
	address = "",
	year = "2000",
	numpages = "438",
	language = "english",
	ibsn = "978-1-4757-3254-2"
}

@Book { bib:analysis:gouvea,
	author = "Gouvea, F.Q. ",
	title = "p-adic Numbers: An Introduction",
	publisher = "Springer",
	address = "",
	year = "2011",
	numpages = "306",
	language = "english",
	ibsn = "978-3540629115"
}

@Book { bib:analysis:vladimirov,
	author = "Владимиров, В.C. and Волович И.В. and Зеленов Е.И.",
	title = "p-Адический анализ и математическая физика",
	publisher = "М.:Физматлит",
	address = "",
	year = "1994",
	numpages = "352",
	language = "russian",
	ibsn = ""
}

@Book { bib:analysis:anashin,
	author = "Анашин, В.С.",
	title = "Введение в прикладной p-адический анализ",
	language = "russian"
}

@Book { bib:analysis:anashin:en,
	author = "Anashin, V.",
	title = "The p-adic ergodic theory and applications",
	year = "2014",
	numpages = "221",
	language = "english",
}

@Book { bib:analysis:ciocan,
	author = "Ciocan, N.",
	title = "P-adic Functions - Part 1",
	year = "2011",
	numpages = "11",
	language = "english",
}

@Book { bib:analysis:baker,
	author = "Baker, A.",
	title = "An Introduction to p-adic Numbers and p-adic Analysis",
	year = "2017",
	numpages = "64",
	language = "english",
}

@Book { bib:analysis:volovich,
	author = "Волович И.В. and Козырев С.В.",
	title = "p–Адическая математическая физика: основные конструкции, применения к сложным и наноскопическим системам",
	address = "",
	year = "2008",
	numpages = "30",
	language = "russian",
	ibsn = ""
}
