@Article{ bib:pankratov:2014:RTMV,
	title = "Расчет течения мелкой воды",
	author = {The Grid: Blueprint for a new computing infrastructure},
	publisher = "",
	pages = "121-124",
	volume = "16",
	year = "2014",
	language = "russian",
	journal = "Математика. Механика"
}

@Misc{ bib:wwg,
	title = "{World Community Grid}",
	medium = {Electronic resource},
	url = "https://www.worldcommunitygrid.org",
	urldate = "1.12.2018",
	language = "english"
}

@Misc{ bib:gimps,
	title = "{Great Internet Mersenne Prime Search}",
	medium = {Electronic resource},
	url = "https://www.mersenne.org",
	urldate = "28.11.2018",
	language = "english"
}

@Misc{ bib:seti,
	title = "{SETI@home}",
	medium = {Electronic resource},
	url = "https://setiathome.berkeley.edu",
	urldate = "28.11.2018",
	language = "english"
}

@Misc{ bib:distributed,
	title = "{DistributedNet}",
	medium = {Electronic resource},
	url = "http://www.distributed.net",
	urldate = "28.11.2018",
	language = "english"
}

@Misc{ bib:globus,
	title = "{Globus Toolkit}",
	medium = {Electronic resource},
	url = "http://toolkit.globus.org/toolkit",
	urldate = "28.11.2018",
	language = "english"
}

@Misc{ bib:egee,
	title = "{Enabling Grids for E-sciencE}",
	medium = {Electronic resource},
	url = "http://eu-egee-org.web.cern.ch/eu-egee-org/index.html",
	urldate = "28.11.2018",
	language = "english"
}

@Misc{ bib:kiosk,
	title = "{TryScience Kiosk}",
	medium = {Electronic resource},
	url = "http://www.empireexhibits.com/tryscience-interactive-kiosk",
	urldate = "29.11.2018",
	language = "english"
}

@Book { bib:gcomputing,
	author = "Berman, F. and Fox, G. and Hey, T. ",
	title = "Grid computing. Making the Global Infrastructure a Reality",
	publisher = "Wiley",
	address = "",
	year = "2003",
	numpages = "",
	language = "english",
}

@Book { bib:gridblueprint,
	author = "Foster, I. and Kesselman, C.",
	title = "The grid: blueprint for a new computing infrastructure",
	publisher = "Univ. of Southern California",
	address = "LA",
	year = "1999",
	numpages = "748",
	language = "english",
	ibsn = "1-55860-475-8"
}
