@BOOK{Vasylenko92,
author = "s, s. s.",
title = "s",
address = "s.",
publisher = "s",
year = 1992,
numpages = 430,
language = "ukrainian"
}